<record><leader>00000cas a2200000 a 4500</leader><controlfield tag="001">35816790</controlfield><controlfield tag="008">961030c19uu9999miuwr ne      0    0eng c</controlfield><datafield ind1=" " ind2=" " tag="010"><subfield code="a">sn 96077222 </subfield></datafield><datafield ind1=" " ind2=" " tag="040"><subfield code="a">MHN</subfield><subfield code="b">eng</subfield><subfield code="c">MHN</subfield><subfield code="d">OCL</subfield><subfield code="d">OCLCQ</subfield><subfield code="d">OCLCF</subfield><subfield code="d">OCLCO</subfield></datafield><datafield ind1="1" ind2=" " tag="029"><subfield code="a">AU@</subfield><subfield code="b">000012911131</subfield></datafield><datafield ind1=" " ind2=" " tag="042"><subfield code="a">pcc</subfield></datafield><datafield ind1=" " ind2=" " tag="043"><subfield code="a">n-us-mi</subfield></datafield><datafield ind1="0" ind2="0" tag="245"><subfield code="a">Pioneer-tribune.</subfield></datafield><datafield ind1="1" ind2="7" tag="246"><subfield code="a">Manistique pioneer-tribune</subfield></datafield><datafield ind1=" " ind2=" " tag="260"><subfield code="a">Manistique, Mich. :</subfield><subfield code="b">Senger Pub. Co.</subfield></datafield><datafield ind1=" " ind2=" " tag="300"><subfield code="a">v.</subfield></datafield><datafield ind1=" " ind2=" " tag="310"><subfield code="a">Weekly</subfield></datafield><datafield ind1=" " ind2=" " tag="500"><subfield code="a">Sept. 16, 1976 issue includes Centennial supplement: the New pioneer. Includes history of newspaper and reproduction of Feb. 5, 1886 issue of Semi-Weekly pioneer.</subfield></datafield><datafield ind1=" " ind2=" " tag="588"><subfield code="a">Description based on: Vol. 100, no. 14 (Sept. 16, 1976).</subfield></datafield><datafield ind1=" " ind2="0" tag="651"><subfield code="a">Manistique (Mich.)</subfield><subfield code="v">Newspapers.</subfield></datafield><datafield ind1=" " ind2="0" tag="651"><subfield code="a">Schoolcraft County (Mich.)</subfield><subfield code="v">Newspapers.</subfield></datafield><datafield ind1=" " ind2="7" tag="655"><subfield code="a">Newspapers.</subfield><subfield code="2">fast</subfield><subfield code="0">(OCoLC)fst01423814</subfield></datafield><datafield ind1=" " ind2="7" tag="651"><subfield code="a">Michigan</subfield><subfield code="z">Manistique.</subfield><subfield code="2">fast</subfield><subfield code="0">(OCoLC)fst01228498</subfield></datafield><datafield ind1=" " ind2="7" tag="651"><subfield code="a">Michigan</subfield><subfield code="z">Schoolcraft County.</subfield><subfield code="2">fast</subfield><subfield code="0">(OCoLC)fst01206568</subfield></datafield><datafield ind1=" " ind2=" " tag="752"><subfield code="a">United States</subfield><subfield code="b">Michigan</subfield><subfield code="c">Schoolcraft</subfield><subfield code="d">Manistique.</subfield></datafield><datafield ind1="0" ind2="0" tag="780"><subfield code="t">Manistique pioneer=tribune</subfield><subfield code="w">(DLC)sn 87082532</subfield><subfield code="w">(OCoLC)15471706</subfield></datafield></record>